<record><leader>00000cas a2200000 a 4500</leader><controlfield tag="001">12796334</controlfield><controlfield tag="008">851114c19679999ksuwr ne      0   a0eng d</controlfield><datafield ind1=" " ind2=" " tag="010"><subfield code="a">sn 85032652 </subfield></datafield><datafield ind1=" " ind2=" " tag="040"><subfield code="a">KSH</subfield><subfield code="b">eng</subfield><subfield code="c">KSH</subfield><subfield code="d">NPT</subfield><subfield code="d">NSD</subfield><subfield code="d">OCLCQ</subfield></datafield><datafield ind1=" " ind2=" " tag="012"><subfield code="m">1</subfield></datafield><datafield ind1="1" ind2=" " tag="022"><subfield code="a">0890-0418</subfield><subfield code="l">0890-0418</subfield><subfield code="2">1</subfield></datafield><datafield ind1=" " ind2=" " tag="032"><subfield code="a">118080</subfield><subfield code="b">USPS</subfield></datafield><datafield ind1=" " ind2=" " tag="037"><subfield code="b">The Clifton News-Tribune, Clifton, KS 66937</subfield></datafield><datafield ind1=" " ind2=" " tag="042"><subfield code="a">msc</subfield><subfield code="a">nsdp</subfield></datafield><datafield ind1=" " ind2="4" tag="222"><subfield code="a">The Clifton news-tribune</subfield></datafield><datafield ind1="0" ind2="4" tag="245"><subfield code="a">The Clifton news-tribune.</subfield></datafield><datafield ind1=" " ind2=" " tag="260"><subfield code="a">Clifton, Kan. :</subfield><subfield code="b">Janice &amp; Dean Francis,</subfield><subfield code="c">1969-</subfield></datafield><datafield ind1=" " ind2=" " tag="300"><subfield code="a">v. :</subfield><subfield code="b">ill. ;</subfield><subfield code="c">44 cm.</subfield></datafield><datafield ind1=" " ind2=" " tag="310"><subfield code="a">Weekly</subfield></datafield><datafield ind1="0" ind2=" " tag="362"><subfield code="a">Vol. 74, no. 44 (Mar. 2, 1967)-</subfield></datafield><datafield ind1=" " ind2=" " tag="500"><subfield code="a">Publisher varies.</subfield></datafield><datafield ind1=" " ind2=" " tag="515"><subfield code="a">Numbering is irregular.</subfield></datafield><datafield ind1=" " ind2=" " tag="525"><subfield code="a">Supplements included.</subfield></datafield><datafield ind1=" " ind2=" " tag="580"><subfield code="a">Formed by the merger of: Clifton news; and, Tribune.</subfield></datafield><datafield ind1=" " ind2=" " tag="588"><subfield code="a">Latest issue consulted: Vol. 93, no. 8 (July 31, 1986).</subfield></datafield><datafield ind1=" " ind2=" " tag="752"><subfield code="a">United States</subfield><subfield code="b">Kansas</subfield><subfield code="c">Washington</subfield><subfield code="d">Clifton.</subfield></datafield><datafield ind1=" " ind2=" " tag="752"><subfield code="a">United States</subfield><subfield code="b">Kansas</subfield><subfield code="c">Clay</subfield><subfield code="d">Morganville.</subfield></datafield><datafield ind1=" " ind2=" " tag="752"><subfield code="a">United States</subfield><subfield code="b">Kansas</subfield><subfield code="c">Washington</subfield><subfield code="d">Vining.</subfield></datafield><datafield ind1="1" ind2="4" tag="780"><subfield code="t">Clifton news</subfield><subfield code="w">(DLC)sn 85032650</subfield></datafield><datafield ind1="1" ind2="4" tag="780"><subfield code="t">Tribune (Morganville, Kan.)</subfield><subfield code="w">(DLC)sn 83040822</subfield></datafield></record>